@inproceedings{DBLP:conf/ifip/Parnas71,
  author    = {David Lorge Parnas},
  editor    = {Charles V. Freiman and
               John E. Griffith and
               Jack L. Rosenfeld},
  title     = {Information Distribution Aspects of Design Methodology},
  booktitle = {Information Processing, Proceedings of {IFIP} Congress 1971, Volume
               1 - Foundations and Systems, Ljubljana, Yugoslavia, August 23-28,
               1971},
  publisher = {North-Holland},
  year      = {1971},
  timestamp = {Fri, 26 Jul 2019 15:40:00 +0200},
  biburl    = {https://dblp.org/rec/conf/ifip/Parnas71.bib},
  bibsource = {dblp computer science bibliography, https://dblp.org}
}

@book{newman_2021, 
  place={Sebastopol, CA}, 
  title={Building microservices: Designing fine-grained systems}, 
  publisher={O'Reilly}, 
  author={Newman, Sam}, 
  year={2021}
} 

@book{endres_rombach_2003, 
  place={Harlow, England}, 
  title={A Handbook of Software and Systems Engineering: Empirical observations, laws, and theories}, 
  publisher={Pearson/Addison Wesley}, 
  author={Endres, Albert and Rombach, H. Dieter}, 
  year={2003}
} 

@book{ddd, 
  title={Domain-Driven Design: Tackling Complexity in the Heart of Software}, 
  publisher={Addison-Wesley Professional}, 
  author={Eric Evans}, 
  year={August 20, 2003}
} 

@article{temasolid, 
  title={Temă „Principii SOLID și CI/CD în Microservicii” pentru cursul Metode de dezvoltare software},
  author={Bahrim Dragoș}, 
  year={Iunie, 2022}
} 